
@ONLINE{KVMStatus,
  author = {Red Hat},
  title = {Guest Support Status},
  month = mar,
  year = {2014},
  url = {http://www.linux-kvm.org/page/Guest_Support_Status}
}
@ONLINE{VMVDiskMan,
  author = {VMWare},
  title = {Examples Using the VMware Virtual Disk Manager},
  month = mar,
  year = {2014},
  url = {https://www.vmware.com/support/ws45/doc/disks_vdiskmanager_eg_ws.html}
}
@ONLINE{VMDriver,
  author = {Philip Wagner},
  title = {Zamba's VMware page},
  month = sep,
  year = {2011},
  url = {http://www.scampers.org/steve/vmware/#31pack}
}
@ONLINE{WinHistory,
  author = {Dipl.-Inf. (FH) Dirk Makowski},
  title = {Die Geschichte von MS/PC DOS},
  month = nov,
  year = {2012},
  url = {http://www.winhistory.de/more/msdos.htm}
}
@ONLINE{PCMinistry,
  author = {Daniel B. Sedory},
  title = {Tutorial on extracting ''Disk Images'' from a *.DIM File using HxD (a Disk/Hex Editor)},
  year = {2005, 2008},
  url = {http://thestarman.pcministry.com/tool/hxd/dimtut.htm}
}

@manual{IBMTechRef,
  title = {PC Technical Reference Handbook},
  organization = {IBM},
  year = {1983},
  note = {Enthält die Schaltpläne sowie den BIOS Source Code des originalen IBM PCs}
}

@book{WinInt1,
  title = {Windows Internals, Part 1},
  publisher = {Microsoft Press Corp.},
  year = {2012},
  isbn = {978-0735648739},
  author={Mark E. Russinovich, David A. Solomon}
}
@book{WinInt2,
  title = {Windows Internals, Part 2},
  publisher = {Microsoft Press Corp.},
  year = {2012},
  isbn = {978-0735665873},
  author={Alex Ionescu, Mark E. Russinovich, David A. Solomon}
}

@book{TanenbaumOS,
  title = {Moderne Betriebssysteme},
  publisher = {Addison-Wesley Verlag},
  year = {2009},
  isbn = {978-3827373427},
  author={Andrew S. Tanenbaum}
}
@book{Silberschatz,
  title = {Operating System Concepts},
  publisher = {Wiley \& Sons},
  year = {2009},
  isbn = {978-0470233993},
  author={Abraham Silberschatz, Peter Baer Galvin, Greg Gagne }
}

@article{PopekGoldberg,
  author = {Gerald J. Popek and Robert P. Goldberg},
  doi = {10.1145/361011.361073},
  journal = {Communications of the ACM},
  keywords = {virtualization vmware},
  month = July,
  number = 7,
  pages = {412-421},
  pmid = {14597658},
  title = {Formal requirements for virtualizable third generation architectures},
  volume = 17,
  year = 1974,
}

@inproceedings{PentiumVirt,
  author = "John Scott Robin and Cynthia E. Irvine",
  title = "Analysis of the Intel Pentium's Ability to Support a Secure Virtual Machine Monitor",
  booktitle = "9th USENIX Security Symposium",
  year = "2000"
}